<?xml version="1.0" encoding="UTF-8"?><record xmlns="http://www.loc.gov/MARC21/slim" xmlns:cinclude="http://apache.org/cocoon/include/1.0" xmlns:zs="http://www.loc.gov/zing/srw/">
  <leader>00550cz  a2200157n  4500</leader>
  <controlfield tag="001">n  90690182 </controlfield>
  <controlfield tag="003">DLC</controlfield>
  <controlfield tag="005">19980324142721.3</controlfield>
  <controlfield tag="008">900906n| acannaab|          |a aaa |||  </controlfield>
  <datafield tag="010" ind1=" " ind2=" ">
    <subfield code="a">n  90690182 </subfield>
    <subfield code="z">n  92057802 </subfield>
  </datafield>
  <datafield tag="040" ind1=" " ind2=" ">
    <subfield code="a">DLC</subfield>
    <subfield code="c">DLC</subfield>
    <subfield code="d">DLC</subfield>
  </datafield>
  <datafield tag="100" ind1="1" ind2="0">
    <subfield code="a">Bond, Higgins</subfield>
  </datafield>
  <datafield tag="400" ind1="1" ind2="0">
    <subfield code="a">Bond, Barbara Higgins</subfield>
  </datafield>
  <datafield tag="670" ind1=" " ind2=" ">
    <subfield code="a">Cohen, D. Ancient Rome, 1992:</subfield>
    <subfield code="b">CIP t.p. (Higgins Bond [illustrator])</subfield>
  </datafield>
  <datafield tag="670" ind1=" " ind2=" ">
    <subfield code="a">Heart of La Selva, 1998:</subfield>
    <subfield code="b">CIP data sheet (Barbara Higgins Bond, 09/14/42)</subfield>
  </datafield>
  <datafield tag="670" ind1=" " ind2=" ">
    <subfield code="a">Phone call to pub., 02/20/98</subfield>
    <subfield code="b">(Author prefers the name Higgins Bond)</subfield>
  </datafield>
</record>